<?xml version="1.0" encoding="UTF-8"?><collection xmlns="http://www.loc.gov/MARC21/slim"><record><leader>00300nam--2200121-i-4500</leader><controlfield tag="001">000006258</controlfield><controlfield tag="002">20161230</controlfield><controlfield tag="005">20161230201026</controlfield><controlfield tag="008">060222s1000------------r-----000-0-eng-d</controlfield><datafield ind1=" " ind2=" " tag="245"><subfield code="a">Automatic control handbook</subfield></datafield><datafield ind1=" " ind2=" " tag="260"><subfield code="a">London, George Newnes Ltd.,1962 Pag.Dif</subfield></datafield><datafield ind1=" " ind2=" " tag="700"><subfield code="a">G.A.T.Burdett</subfield></datafield><datafield ind1=" " ind2=" " tag="852"><subfield code="a">18493</subfield></datafield></record></collection>